@inbook{Sistemasintegrados,
    author={Jonathan Valvano and Ramesh Yerraballi},
    title={Sistemas integrados: Shape The World},
    chapter= {12},
    publisher={Jonathan Valvano and Ramesh Yerraballi},
    year={2014},
    note={obtenido de \url{https://users.ece.utexas.edu/~valvano/Volume1/E-Book/C12_Interrupts.htm}}
}
@article{interruptsmadeeasy,
    author={Mark Minasi},
    title={Interrupts made easy},
    journal={compute!},
    year={1993},
    pages={60},
    month={February}
}
@inbook{microprocesadoresUNAD,
    author={HECTOR URIEL VILLAMIL GONZALEZ},
    title={309696 - MODULO DE MICROPROCESADORES & MICROCONTROLADORES},
    pages= {118-119},
    publisher={MIGUEL PINTO APARICIO},
    year={2009}
}